@book{bib:Serre,
    title          = {Linear Representations of Finite Groups},
    author         = {Jean-Pierre Serre},
    editor         = {Sheldon Axler and Frederick William Gehring and Kenneth Alan Ribet},
    translator     = {Leonard L. Scott},
    publisher      = {Springer},
    year           = {1977}
}

@book{bib:Axler,
    title          = {Linear Algebra Done Right},
    author         = {Sheldon Axler},
    publisher      = {Springer},
    edition        = {Third},
    year           = {2015}
}

@book{bib:FultonHarris,
    title          = {Representation Theory: A First Course},
    author         = {William Fulton and Joe Harris},
    editor         = {Sheldon Axler and Frederick William Gehring and Kenneth Alan Ribet},
    publisher      = {Springer},
    year           = {2004}
}